@misc{Cairo:Docs,
  author = {Cairoglyphics},
  title = {Cairo Documentation},
  year = 2016,
  url = {https://www.cairographics.org/documentation/},
  urldate = {2023-03-10}
}
@misc{Cairo:Tutorial,
  author = {Cairoglyphics},
  title = {Cairo Tutorial},
  year = 2012,
  url = {https://www.cairographics.org/tutorial/},
  urldate = {2023-03-10}
}
@article{collisions,
  author  = "Jiménez, Juan José and Segura, Rafael J. and Feito, Francisco R.",
  title   = "Efficient collision detection between 2D polygons",
  journal = "Journal of WSCG",
  year    = 2004,
  volume  = "12",
  number  = "1-3",
  pages   = "191--198"
}
@article{convexcollisionsSAT,
  title={Intersection of convex objects: The method of separating axes},
  author={Eberly, David},
  journal={WWW page},
  year={2001}
}
@article{jovanoski2008gilbert,
  title={The Gilbert--Johnson--Keerthi (GJK) Algorithm},
  author={Jovanoski, Davor},
  journal={Department of Computer Science, University of Salzburg},
  pages={13},
  year={2008}
}
